<?xml version="1.0" encoding="UTF-8"?>
<record xmlns="http://www.loc.gov/MARC21/slim" xmlns:xsi="http://www.w3.org/2001/XMLSchema-instance" xsi:schemaLocation="http://www.loc.gov/MARC21/slim http://www.loc.gov/standards/marcxml/schema/MARC21slim.xsd">
<leader>00000cam a22      a 4500</leader>
<controlfield tag="001">001988539</controlfield>
<controlfield tag="003">NNU</controlfield>
<controlfield tag="005">20150124162433.0</controlfield>
<controlfield tag="008">920207s1989    ir            000 0 ara d</controlfield>
<datafield tag="035" ind1=" " ind2=" ">
<subfield code="a">(OCoLC)77594066</subfield>
</datafield>
<datafield tag="040" ind1=" " ind2=" ">
<subfield code="a">NNU</subfield>
<subfield code="c">ZYU</subfield>
<subfield code="d">OCLCG</subfield>
<subfield code="d">OCLCA</subfield>
<subfield code="d">OCLCF</subfield>
<subfield code="d">OCLCO</subfield>
<subfield code="d">NNU</subfield>
</datafield>
<datafield tag="100" ind1="1" ind2=" ">
<subfield code="6">880-01</subfield>
<subfield code="a">Astarābādhī, Raḍī al-Dīn Muḥammad ibn al-Ḥasan,</subfield>
<subfield code="d">active 1284.</subfield>
</datafield>
<datafield tag="240" ind1="1" ind2="0">
<subfield code="6">880-02</subfield>
<subfield code="a">Sharḥ al-Kāfiyah</subfield>
</datafield>
<datafield tag="245" ind1="1" ind2="0">
<subfield code="6">880-03</subfield>
<subfield code="a">Sharḥ al-kāfiyah fī al-naḥw /</subfield>
<subfield code="c">Muḥammad ibn al-Ḥasan Najm al-Millah wa-al-Dīn al-Muḥaqqiq al-Raḍī al-Astarābādhī ; wa-bi-hāmishah ḥāshīyah li-Sharīf al-Jurjānī.</subfield>
</datafield>
<datafield tag="250" ind1=" " ind2=" ">
<subfield code="6">880-04</subfield>
<subfield code="a">Chāp-i 1.</subfield>
</datafield>
<datafield tag="260" ind1=" " ind2=" ">
<subfield code="6">880-05</subfield>
<subfield code="a">Ṭihrān :</subfield>
<subfield code="b">Intishārāt-i Murtaz̤avī,</subfield>
<subfield code="c">1366 [1987]</subfield>
</datafield>
<datafield tag="300" ind1=" " ind2=" ">
<subfield code="a">2 v. in 1 ;</subfield>
<subfield code="c">30 cm.</subfield>
</datafield>
<datafield tag="600" ind1="1" ind2="0">
<subfield code="6">880-06</subfield>
<subfield code="a">Ibn al-Ḥājib, ʻUthmān ibn ʻUmar,</subfield>
<subfield code="d">1175-1249.</subfield>
<subfield code="t">Kāfiyah.</subfield>
</datafield>
<datafield tag="650" ind1=" " ind2="0">
<subfield code="a">Arabic language</subfield>
<subfield code="x">Syntax.</subfield>
</datafield>
<datafield tag="630" ind1="0" ind2="7">
<subfield code="a">Kāfiyah (Ibn al-Ḥājib, ʻUthmān ibn ʻUmar)</subfield>
<subfield code="2">fast</subfield>
<subfield code="0">(OCoLC)fst01366739</subfield>
</datafield>
<datafield tag="650" ind1=" " ind2="7">
<subfield code="a">Arabic language</subfield>
<subfield code="x">Syntax.</subfield>
<subfield code="2">fast</subfield>
<subfield code="0">(OCoLC)fst00812441</subfield>
</datafield>
<datafield tag="700" ind1="1" ind2=" ">
<subfield code="6">880-07</subfield>
<subfield code="a">Jurjānī, ʻAlī ibn Muḥammad,</subfield>
<subfield code="c">al-Sayyid al-Sharīf,</subfield>
<subfield code="d">1340-1413.</subfield>
</datafield>
<datafield tag="740" ind1="0" ind2=" ">
<subfield code="6">880-08</subfield>
<subfield code="a">Kāfiyah fī al-naḥw.</subfield>
</datafield>
<datafield tag="880" ind1="1" ind2=" ">
<subfield code="6">100-01/</subfield>
<subfield code="a">استراباذي، رضي الدين محمد بن الحسن،</subfield>
<subfield code="d">active 1284.</subfield>
</datafield>
<datafield tag="880" ind1="1" ind2="0">
<subfield code="6">240-02/</subfield>
<subfield code="a">شرح الكافية</subfield>
</datafield>
<datafield tag="880" ind1="1" ind2="0">
<subfield code="6">245-03/</subfield>
<subfield code="a">شرح الكافية في النحو /</subfield>
<subfield code="c">محمد بن الحسن نجم الملة والدين المحقق الرضي الاستراباذي ؛ وبهامشة حاشية لشريف الجرجاني.</subfield>
</datafield>
<datafield tag="880" ind1=" " ind2=" ">
<subfield code="6">250-04/</subfield>
<subfield code="a">چاپ 1.</subfield>
</datafield>
<datafield tag="880" ind1=" " ind2=" ">
<subfield code="6">260-05/</subfield>
<subfield code="a">طهران :</subfield>
<subfield code="b">انتشارات مرتضوى،</subfield>
<subfield code="c">1366 [1987]</subfield>
</datafield>
<datafield tag="880" ind1="1" ind2="4">
<subfield code="6">600-06/</subfield>
<subfield code="a">ابن الحاجب، عثمان بن عمر،</subfield>
<subfield code="d">1175-1249.</subfield>
<subfield code="t">كافية.</subfield>
</datafield>
<datafield tag="880" ind1="1" ind2=" ">
<subfield code="6">700-07/</subfield>
<subfield code="a">جرجاني، علي بن محمد،</subfield>
<subfield code="c">السيد الشريف،</subfield>
<subfield code="d">1340-1413.</subfield>
</datafield>
<datafield tag="880" ind1="0" ind2=" ">
<subfield code="6">740-08/</subfield>
<subfield code="a">كافية في النحو.</subfield>
</datafield>
<datafield tag="OWN" ind1=" " ind2=" ">
<subfield code="a">GENERAL</subfield>
</datafield>
<datafield tag="AVA" ind1=" " ind2=" ">
<subfield code="a">NYU50</subfield>
<subfield code="b">BOBST</subfield>
<subfield code="c">Main Collection</subfield>
<subfield code="d">PJ6151.I173 A8 1987 Oversize</subfield>
<subfield code="e">unavailable</subfield>
<subfield code="t">Unavailable</subfield>
<subfield code="f">1</subfield>
<subfield code="g">1</subfield>
<subfield code="h">Y</subfield>
<subfield code="i">0</subfield>
<subfield code="j">MAIN</subfield>
<subfield code="k">0</subfield>
</datafield>
</record>
